@book{lauritzen1996graphical,
  title={Graphical models},
  author={Lauritzen, Steffen L},
  volume={17},
  year={1996},
  publisher={Clarendon Press}
}

@book{drton2008lectures,
  title={Lectures on algebraic statistics},
  author={Drton, Mathias and Sturmfels, Bernd and Sullivant, Seth},
  volume={39},
  year={2008},
  publisher={Springer Science \& Business Media}
}

@book{sullivant2018algebraic,
  title={Algebraic statistics},
  author={Sullivant, Seth},
  volume={194},
  year={2018},
  publisher={American Mathematical Soc.}
}